@book{zinth,
  title={Optik: Lichtstrahlen - Wellen - Photonen}, 
  author={Bonertz, Tina and Zinth, Ursula and Zinth, Wolfgang},
  year={2013},
  publisher={De Gruyter}
}
@book{phying, 
  place={Berlin}, 
  title={Physik für Ingenieure}, 
  publisher={Springer Berlin}, 
  author={Hering, Ekbert and Martin, Rolf and Stohrer, Martin and Käß Hanno and Kurz Günther and Schulz, Wolfgang}, 
  year={2016}
} 
